[gd_scene load_steps=12 format=2]

[ext_resource path="res://scenes & scripts/guns_list.gd" type="Script" id=1]
[ext_resource path="res://scenes & scripts/background.tscn" type="PackedScene" id=2]
[ext_resource path="res://scenes & scripts/top_menu.tscn" type="PackedScene" id=3]
[ext_resource path="res://scenes & scripts/list.tscn" type="PackedScene" id=4]
[ext_resource path="res://scenes & scripts/buttons/btn_selecionar.tscn" type="PackedScene" id=5]
[ext_resource path="res://font/ff_45.tres" type="DynamicFont" id=9]
[ext_resource path="res://resources/buttons/flatstyle/green/btnstyle_Hover.tres" type="StyleBox" id=10]
[ext_resource path="res://resources/buttons/flatstyle/green/btnstyle_Pressed.tres" type="StyleBox" id=11]
[ext_resource path="res://resources/buttons/flatstyle/green/btnstyle_Normal.tres" type="StyleBox" id=12]
[ext_resource path="res://resources/buttons/flatstyle/green/btnstyle_Disabled.tres" type="StyleBox" id=13]
[ext_resource path="res://scenes & scripts/buttons/btn_voltar.tscn" type="PackedScene" id=14]

[node name="guns_list" type="Node"]
script = ExtResource( 1 )

[node name="background" parent="." instance=ExtResource( 2 )]
anchor_bottom = 1.0
margin_right = 0.0
margin_bottom = 0.0

[node name="top_menu" parent="." instance=ExtResource( 3 )]

[node name="list" parent="." instance=ExtResource( 4 )]
margin_top = 119.775
margin_right = 1.75806
margin_bottom = 59.775
item_path = "res://scenes & scripts/item_list.tscn"
item_width = 752
item_height = 400

[node name="btn_selecionar" parent="." instance=ExtResource( 5 )]

[node name="btn_comprar" type="Button" parent="."]
anchor_left = 1.0
anchor_right = 1.0
margin_left = -250.0
margin_top = 25.0
margin_right = -30.0
margin_bottom = 95.0
focus_mode = 0
custom_fonts/font = ExtResource( 9 )
custom_styles/hover = ExtResource( 10 )
custom_styles/pressed = ExtResource( 11 )
custom_styles/focus = ExtResource( 12 )
custom_styles/disabled = ExtResource( 13 )
custom_styles/normal = ExtResource( 12 )
enabled_focus_mode = 0
text = "Comprar"
__meta__ = {
"_edit_lock_": true
}

[node name="btn_voltar" parent="." instance=ExtResource( 14 )]

[connection signal="active_item_changed" from="list" to="." method="_on_list_active_item_changed"]
[connection signal="pressed" from="btn_selecionar" to="." method="_on_btn_selecionar_pressed"]
[connection signal="pressed" from="btn_comprar" to="." method="_on_btn_comprar_pressed"]
[connection signal="pressed" from="btn_voltar" to="." method="_on_btn_voltar_pressed"]
