[gd_scene load_steps=10 format=2]

[ext_resource path="res://scenes and scripts/final_screen.gd" type="Script" id=1]
[ext_resource path="res://kenvector_future.ttf" type="DynamicFontData" id=2]
[ext_resource path="res://resources/btn2.png" type="Texture" id=3]
[ext_resource path="res://resources/btn2_pressed.png" type="Texture" id=4]
[ext_resource path="res://resources/btn2_hovered.png" type="Texture" id=5]
[ext_resource path="res://resources/btn2_disabled.png" type="Texture" id=6]
[ext_resource path="res://roboto_34.tres" type="DynamicFont" id=7]

[sub_resource type="DynamicFont" id=1]

size = 50
use_mipmaps = false
use_filter = false
font_data = ExtResource( 2 )
_sections_unfolded = [ "Font", "Settings" ]

[sub_resource type="Animation" id=2]

resource_name = "final"
length = 1.0
loop = false
step = 0.1
tracks/0/type = "value"
tracks/0/path = NodePath("lbl_victory:rect_position")
tracks/0/interp = 2
tracks/0/loop_wrap = true
tracks/0/imported = false
tracks/0/enabled = true
tracks/0/keys = {
"times": PoolRealArray( 0, 0.5, 0.6, 0.7 ),
"transitions": PoolRealArray( 4, 0.25, 1, -4 ),
"update": 0,
"values": [ Vector2( 1000, 197 ), Vector2( -100, 197 ), Vector2( 30, 197 ), Vector2( 0, 197 ) ]
}

[node name="final_screen" type="Control"]

visible = false
anchor_left = 0.0
anchor_top = 0.0
anchor_right = 0.0
anchor_bottom = 0.0
margin_right = 40.0
margin_bottom = 40.0
rect_pivot_offset = Vector2( 0, 0 )
rect_clip_content = false
mouse_filter = 0
mouse_default_cursor_shape = 0
size_flags_horizontal = 1
size_flags_vertical = 1
script = ExtResource( 1 )
_sections_unfolded = [ "Visibility" ]

[node name="ColorRect" type="ColorRect" parent="." index="0"]

anchor_left = 0.0
anchor_top = 0.0
anchor_right = 0.0
anchor_bottom = 0.0
margin_right = 1024.0
margin_bottom = 600.0
rect_pivot_offset = Vector2( 0, 0 )
rect_clip_content = false
mouse_filter = 0
mouse_default_cursor_shape = 0
size_flags_horizontal = 1
size_flags_vertical = 1
color = Color( 0, 0, 0, 0.729294 )
_sections_unfolded = [ "Rect" ]

[node name="lbl_victory" type="Label" parent="." index="1"]

anchor_left = 0.0
anchor_top = 0.0
anchor_right = 0.0
anchor_bottom = 0.0
margin_left = 1000.0
margin_top = 197.0
margin_right = 2023.0
margin_bottom = 351.0
rect_pivot_offset = Vector2( 0, 0 )
rect_clip_content = false
mouse_filter = 2
mouse_default_cursor_shape = 0
size_flags_horizontal = 1
size_flags_vertical = 4
custom_fonts/font = SubResource( 1 )
text = "You WIN"
align = 1
valign = 1
percent_visible = 1.0
lines_skipped = 0
max_lines_visible = -1
_sections_unfolded = [ "Rect", "custom_fonts" ]

[node name="AnimationPlayer" type="AnimationPlayer" parent="." index="2"]

root_node = NodePath("..")
autoplay = ""
playback_process_mode = 1
playback_default_blend_time = 0.0
playback_speed = 1.0
anims/final = SubResource( 2 )
blend_times = [  ]

[node name="btn_menu" type="TextureButton" parent="." index="3"]

anchor_left = 0.0
anchor_top = 0.0
anchor_right = 0.0
anchor_bottom = 0.0
margin_left = 432.0
margin_top = 333.0
margin_right = 582.0
margin_bottom = 383.0
rect_pivot_offset = Vector2( 0, 0 )
rect_clip_content = false
focus_mode = 2
mouse_filter = 0
mouse_default_cursor_shape = 0
size_flags_horizontal = 1
size_flags_vertical = 1
toggle_mode = false
action_mode = 0
enabled_focus_mode = 2
shortcut = null
group = null
texture_normal = ExtResource( 3 )
texture_pressed = ExtResource( 4 )
texture_hover = ExtResource( 5 )
texture_disabled = ExtResource( 6 )
_sections_unfolded = [ "Textures" ]

[node name="lbl_menu" type="Label" parent="." index="4"]

anchor_left = 0.0
anchor_top = 0.0
anchor_right = 0.0
anchor_bottom = 0.0
margin_left = 443.0
margin_top = 338.0
margin_right = 580.0
margin_bottom = 382.0
rect_pivot_offset = Vector2( 0, 0 )
rect_clip_content = false
mouse_filter = 2
mouse_default_cursor_shape = 0
size_flags_horizontal = 1
size_flags_vertical = 4
custom_fonts/font = ExtResource( 7 )
text = "MENU"
align = 1
valign = 1
percent_visible = 1.0
lines_skipped = 0
max_lines_visible = -1
_sections_unfolded = [ "Rect", "custom_fonts" ]

[connection signal="pressed" from="btn_menu" to="." method="_on_btn_menu_pressed"]


